<record><leader>00000cas a2200000 a 4500</leader><controlfield tag="001">12797641</controlfield><controlfield tag="008">851115d19401993tnudr ne      0    0eng  </controlfield><datafield ind1=" " ind2=" " tag="010"><subfield code="a">sn 85042694 </subfield></datafield><datafield ind1=" " ind2=" " tag="040"><subfield code="a">DLC</subfield><subfield code="b">eng</subfield><subfield code="c">DLC</subfield><subfield code="d">NVJ</subfield><subfield code="d">TGN</subfield><subfield code="d">DLC</subfield><subfield code="d">OCLCQ</subfield><subfield code="d">OCLCF</subfield></datafield><datafield ind1=" " ind2=" " tag="037"><subfield code="b">400 East 11th St., Chattanooga, Tenn. 37401</subfield></datafield><datafield ind1=" " ind2=" " tag="042"><subfield code="a">pcc</subfield></datafield><datafield ind1=" " ind2=" " tag="043"><subfield code="a">n-us-tn</subfield></datafield><datafield ind1="0" ind2="0" tag="050"><subfield code="a">Newspaper</subfield></datafield><datafield ind1="0" ind2="0" tag="245"><subfield code="a">Chattanooga news-free press.</subfield></datafield><datafield ind1="1" ind2=" " tag="246"><subfield code="i">On Sundays published as:</subfield><subfield code="a">Sunday free press</subfield><subfield code="f">1940-May 10, 1942</subfield></datafield><datafield ind1="3" ind2="0" tag="246"><subfield code="a">News-free press</subfield></datafield><datafield ind1=" " ind2=" " tag="260"><subfield code="a">Chattanooga, Tenn. :</subfield><subfield code="b">[Chattanooga News-Free Press Co.],</subfield><subfield code="c">1940-</subfield></datafield><datafield ind1=" " ind2=" " tag="300"><subfield code="a">51 v. :</subfield><subfield code="b">ill. ;</subfield><subfield code="c">59 cm.</subfield></datafield><datafield ind1=" " ind2=" " tag="310"><subfield code="a">Daily</subfield></datafield><datafield ind1="0" ind2=" " tag="362"><subfield code="a">Vol. 7, no. 144 (Jan. 21, 1940)-v. 58. no. 96 (Dec. 4, 1993).</subfield></datafield><datafield ind1=" " ind2=" " tag="530"><subfield code="a">Also issued on microfilm from Bell &amp; Howell, Micro Photo Div.</subfield></datafield><datafield ind1=" " ind2=" " tag="580"><subfield code="a">Merger of: Chattanooga free press (Chattanooga, Tenn. : 1933), and: Chattanooga news (Chattanooga, Tenn. : Daily).</subfield></datafield><datafield ind1=" " ind2="0" tag="651"><subfield code="a">Chattanooga (Tenn.)</subfield><subfield code="v">Newspapers.</subfield></datafield><datafield ind1=" " ind2="0" tag="651"><subfield code="a">Hamilton County (Tenn.)</subfield><subfield code="v">Newspapers.</subfield></datafield><datafield ind1=" " ind2="7" tag="655"><subfield code="a">Newspapers.</subfield><subfield code="2">fast</subfield><subfield code="0">(OCoLC)fst01423814</subfield></datafield><datafield ind1=" " ind2="7" tag="651"><subfield code="a">Tennessee</subfield><subfield code="z">Chattanooga.</subfield><subfield code="2">fast</subfield><subfield code="0">(OCoLC)fst01205713</subfield></datafield><datafield ind1=" " ind2="7" tag="651"><subfield code="a">Tennessee</subfield><subfield code="z">Hamilton County.</subfield><subfield code="2">fast</subfield><subfield code="0">(OCoLC)fst01209591</subfield></datafield><datafield ind1=" " ind2=" " tag="752"><subfield code="a">United States</subfield><subfield code="b">Tennessee</subfield><subfield code="c">Hamilton</subfield><subfield code="d">Chattanooga.</subfield></datafield><datafield ind1="1" ind2="4" tag="780"><subfield code="t">Chattanooga free press (Chattanooga, Tenn. : 1933)</subfield><subfield code="w">(DLC)sn 97065219</subfield><subfield code="w">(OCoLC)37439084</subfield></datafield><datafield ind1="1" ind2="4" tag="780"><subfield code="t">Chattanooga news (Chattanooga, Tenn. : Daily)</subfield><subfield code="w">(DLC)sn 85038531</subfield></datafield><datafield ind1="0" ind2="0" tag="785"><subfield code="t">Chattanooga free press (Chattanooga, Tenn. : 1993)</subfield><subfield code="w">(DLC)sn 98058171</subfield><subfield code="w">(OCoLC)32067097</subfield></datafield></record>